@incollection{Muddukrishna2013,
isbn = {978-3-642-40697-3},
booktitle = {OpenMP in the Era of Low Power Devices and Accelerators},
volume = {8122},
series = {Lecture Notes in Computer Science},
editor = {Rendell, AlistairP. and Chapman, BarbaraM. and Müller, MatthiasS.},
title = {Locality-Aware {T}ask {S}cheduling and {D}ata {D}istribution on {NUMA} {S}ystems},
publisher = {Springer Berlin Heidelberg},
author = {Muddukrishna, Ananya and Jonsson, PeterA. and Vlassov, Vladimir and Brorsson, Mats},
pages = {156-170},
year = {2013}
}
@inproceedings{gidra11assessing,
author = {Gidra, Lokesh and Thomas, Gael and Sopena, Julien and Shapiro, Marc},
booktitle = {6th {W}orkshop on {P}rogramming {L}anguages and {O}perating {S}ystems ({PLOS}'11).},
pages = {1--7},
title = {{Assessing the {S}calability of {G}arbage {C}ollectors on {M}any {C}ores}},
year = {2011}
}
@article{Tene2011,
author = {Tene, Gil and Iyengar, Balaji and Wolf, Michael},
doi = {10.1145/1993478.1993491},
isbn = {9781450302630},
issn = {0362-1340},
journal = {Ismm'11},
keywords = {concurrent,garbage collection,genera-,linux,pauseless,read barrier,tional,virtual memory},
pages = {79--88},
title = {C4: {T}he {C}ontinuously {C}oncurrent {C}ompacting {Collector}},
url = {http://www.azulsystems.com/sites/default/files/images/c4\_paper\_acm.pdf},
year = {2011}
}
@misc{Neo4j,
author = {Neo4J},
month = {March},
url = {http://www.neo4j.com/},
year = {2015}
}
@misc{snapnets,
  author       = {Jure Leskovec and Andrej Krevl},
  title        = {{SNAP Datasets}: {Stanford} Large Network Dataset Collection},
  howpublished = {http://snap.stanford.edu/data},
  month        = {jun},
  year         = {2014}
}
@article{gaud15challenges,
 author = {Gaud, Fabien and Lepers, Baptiste and Funston, Justin and Dashti, Mohammad and Fedorova, Alexandra and Qu{\'e}ma, Vivien and Lachaize, Renaud and Roth, Mark},
 title = {Challenges of Memory Management on Modern {NUMA} Systems},
 journal = {Commun. ACM},
 volume = {58},
 number = {12},
 year = {2015},
 pages = {59--66},
 doi = {10.1145/2814328},
}
 
@inproceedings{sartor12exploring,
 author = {Sartor, Jennfer B. and Eeckhout, Lieven},
 title = {Exploring Multi-threaded {J}ava Application Performance on Multicore Hardware},
 booktitle = {Proceedings of the ACM International Conference on Object Oriented Programming Systems Languages and Applications},
 year = {2012},
 pages = {281--296},
 doi = {10.1145/2384616.2384638},
}

@inproceedings{Gidra2013,
 author = {Gidra, Lokesh and Thomas, Ga\"{e}l and Sopena, Julien and Shapiro, Marc},
 title = {A {S}tudy of the {S}calability of {S}top-the-world {G}arbage {C}ollectors on {M}ulticores},
 booktitle = {Proceedings of the Eighteenth International Conference on Architectural Support for Programming Languages and Operating Systems},
 series = {ASPLOS '13},
 year = {2013},
 isbn = {978-1-4503-1870-9},
 location = {Houston, Texas, USA},
 pages = {229--240},
 numpages = {12},
 url = {http://doi.acm.org/10.1145/2451116.2451142},
 doi = {10.1145/2451116.2451142},
 acmid = {2451142},
 publisher = {ACM},
 address = {New York, NY, USA},
 keywords = {garbage collection, multicore, numa},
}
@inproceedings{iyengar2012scalable,
author = {Iyengar, Balaji and Gehringer, Edward and Wolf, Michael and Manivannan, Karthikeyan},
booktitle = {Proceedings of the 2012 international symposium on Memory Management - ISMM ’12},
organization = {ACM},
pages = {61--72},
title = {{Scalable {C}oncurrent and {P}arallel {M}ark}},
year = {2012}
}
@article{Olivier2011,
author = {Olivier, Stephen L and Porterfield, Allan K and Wheeler, Kyle B and Prins, Jan F},
doi = {10.1145/1988796.1988804},
isbn = {9781450307611},
journal = {Runtime and Operating Systems for Supercomputers},
pages = {49--56},
title = {{Scheduling Task Parallelism on Multi-Socket Multicore Systems}},
year = {2011}
}
@article{Chen2014,
author = {Chen, Quan},
doi = {10.1145/2597652.2597665},
isbn = {9781450326421},
keywords = {auto-tuning,dag packing,numa,shared cache},
pages = {3--12},
title = {{LAWS : Locality-Aware Work-Stealing for Multi-socket Multi-core Architectures}}
}
@article{Vikranth2013,
author = {Vikranth, B. and Wankar, Rajeev and {Raghavendra Rao}, C.},
doi = {10.1016/j.procs.2013.05.201},
issn = {18770509},
journal = {Procedia Computer Science},
keywords = {Load balancing,Multi-core,On chip NUMA multi core,Task stealing,Work sharing,Worker queue},
pages = {379--388},
publisher = {Elsevier B.V.},
title = {{Topology aware task stealing for on-chip NUMA multi-core processors}},
url = {http://dx.doi.org/10.1016/j.procs.2013.05.201},
volume = {18},
year = {2013}
}
@inproceedings{QianSLJSY15,
  author    = {Junjie Qian and
               Witawas Srisa{-}an and
               Du Li and
               Hong Jiang and
               Sharad C. Seth and
               Yaodong Yang},
  title     = {SmartStealing: Analysis and Optimization of Work Stealing in Parallel
               Garbage Collection for Java {VM}},
  booktitle = {Proceedings of the Principles and Practices of Programming on The
               Java Platform, {PPPJ} 2015, Melbourne, FL, USA, September 8-11, 2015},
  pages     = {170--181},
  year      = {2015},
  url       = {http://doi.acm.org/10.1145/2807426.2807441},
  doi       = {10.1145/2807426.2807441},
}

@inproceedings{marlow11multicore,
 author = {Marlow, Simon and Peyton Jones, Simon},
 title = {Multicore Garbage Collection with Local Heaps},
 booktitle = {Proceedings of the International Symposium on Memory Management},
 year = {2011},
 pages = {21--32},
}

@inproceedings{tikir05numa,
author = {Tikir, Mustafa M. and Hollingsworth, Jeffery K.},
 title = {{NUMA}-Aware {J}ava Heaps for Server Applications},
 booktitle = {Proceedings of the 19th IEEE International Parallel and Distributed Processing Symposium},
 year = {2005},
 pages = {108.2--},
 doi = {10.1109/IPDPS.2005.299},
}

@inproceedings{gidra15numagic,
  title={Numa{G}i{C}: a garbage collector for big data on big {NUMA} machines},
  author={Gidra, Lokesh and Thomas, Ga{\"e}l and Sopena, Julien and Shapiro, Marc and Nguyen, Nhan},
  booktitle={Proceedings of the Twentieth International Conference on Architectural Support for Programming Languages and Operating Systems},
  pages={661--673},
  year={2015},
}

@inproceedings{mao09influence,
  title={Influence of program inputs on the selection of garbage collectors},
  author={Mao, Feng and Zhang, Eddy Z and Shen, Xipeng},
  booktitle={Proceedings of the 2009 ACM SIGPLAN/SIGOPS international conference on Virtual execution environments},
  pages={91--100},
  year={2009},
}

@inproceedings{treibig10likwid,
  title={Likwid: A lightweight performance-oriented tool suite for x86 multicore environments},
  author={Treibig, Jan and Hager, Georg and Wellein, Gerhard},
  booktitle={Parallel Processing Workshops (ICPPW), 2010 39th International Conference on},
  pages={207--216},
  year={2010},
}

@inproceedings{blackburn06dacapo,
 author = {Blackburn, Stephen M. and Garner, Robin and Hoffmann, Chris and Khang, Asjad M. and McKinley, Kathryn S. and Bentzur, Rotem and Diwan, Amer and Feinberg, Daniel and Frampton, Daniel and Guyer, Samuel Z. and Hirzel, Martin and Hosking, Antony and Jump, Maria and Lee, Han and Moss, J. Eliot B. and Phansalkar, Aashish and Stefanovi\'{c}, Darko and VanDrunen, Thomas and von Dincklage, Daniel and Wiedermann, Ben},
 title = {The DaCapo Benchmarks: Java Benchmarking Development and Analysis},
 booktitle = {Proceedings of the 21st Annual ACM SIGPLAN Conference on Object-oriented Programming Systems, Languages, and Applications},
 series = {OOPSLA '06},
 year = {2006},
 pages = {169--190},
 doi = {10.1145/1167473.1167488},
} 


@inproceedings{domani02thread,
 author = {Domani, Tamar and Goldshtein, Gal and Kolodner, Elliot K. and Lewis, Ethan and Petrank, Erez and Sheinwald, Dafna},
 title = {Thread-local Heaps for Java},
 booktitle = {Proceedings of the 3rd International Symposium on Memory Management},
 year = {2002},
 pages = {76--87},
 doi = {10.1145/512429.512439},
} 

